@book{ab09,
  author = {Sanjeev Arora and Boaz Barak},
  title = {{Computational Complexity: A Modern Approach}},
  year = {2009},
  isbn = {0521424267},
  publisher = {Cambridge University Press},
  edition = {1},
}

@book{savage98,
  author = {John E. Savage},
  title = {Models of Computation: Exploring the Power of Computing},
  year = {1998},
  publisher = {Addison-Wesley}
}

@article{wolf94,
  title = {Nondeterministic circuits, space complexity and quasigroups},
  author = {Marty J. Wolf},
  journal = {Theoretical Computer Science},
  volume = {125},
  year = {1994},
  pages = {295--313}
}

@article{williams06,
  year=2006,
  issn={1016-3328},
  journal={computational complexity},
  volume=15,
  number=4,
  doi={10.1007/s00037-007-0221-1},
  title={Inductive Time-Space Lower Bounds for SAT and Related Problems},
  %url={http://dx.doi.org/10.1007/s00037-007-0221-1},
  publisher={Birkh√§user-Verlag},
  %keywords={Time-space tradeoffs; lower bounds; polynomial-time hierarchy; satisfiability; diagonalization; bounded nondeterminism; 68Q17},
  author={Williams, Ryan},
  pages={433--470},
}

@inproceedings{fvm00,
 author = {Lance Fortnow and Dieter van Melkebeek},
 issn = {1093-0159},
 title = {Time-Space Tradeoffs for Nondeterministic Computation},
 booktitle = {Proceedings of the 15th Annual IEEE Conference on Computational Complexity},
 series = {COCO '00},
 year = 2000,
 isbn = {0-7695-0674-7},
 pages = {2--13},
 doi={10.1109/CCC.2000.856730},
 %url = {http://dl.acm.org/citation.cfm?id=792765.793435},
 publisher = {IEEE Computer Society},
 address = {Washington, DC, USA},
 %keywords = {Time-space tradeoffs, Satisfiability},
}
